<?xml version="1.0" encoding="UTF-8"?><record xmlns="http://www.loc.gov/MARC21/slim" xmlns:cinclude="http://apache.org/cocoon/include/1.0" xmlns:zs="http://www.loc.gov/zing/srw/">
  <leader>00399nz  a2200133n  4500</leader>
  <controlfield tag="001">no2008088921</controlfield>
  <controlfield tag="003">DLC</controlfield>
  <controlfield tag="005">20080618081127.0</controlfield>
  <controlfield tag="008">080616n| acannaabn          |n aaa     c</controlfield>
  <datafield tag="010" ind1=" " ind2=" ">
    <subfield code="a">no2008088921</subfield>
  </datafield>
  <datafield tag="035" ind1=" " ind2=" ">
    <subfield code="a">(OCoLC)oca07796386</subfield>
  </datafield>
  <datafield tag="040" ind1=" " ind2=" ">
    <subfield code="a">IEN</subfield>
    <subfield code="b">eng</subfield>
    <subfield code="c">IEN</subfield>
  </datafield>
  <datafield tag="100" ind1="1" ind2=" ">
    <subfield code="a">Recker, Richard E.</subfield>
  </datafield>
  <datafield tag="670" ind1=" " ind2=" ">
    <subfield code="a">Entertaining Vietnam, c2003:</subfield>
    <subfield code="b">title frames (Richard E. Recker, executive producer and additional camera)</subfield>
  </datafield>
</record>